<record><leader>00000cas a22000007a 4500</leader><controlfield tag="001">11539589</controlfield><controlfield tag="008">850102d19461958nyuwr ne      0    0eng d</controlfield><datafield ind1=" " ind2=" " tag="010"><subfield code="a">sn 84035543 </subfield></datafield><datafield ind1=" " ind2=" " tag="040"><subfield code="a">NYG</subfield><subfield code="b">eng</subfield><subfield code="c">NYG</subfield><subfield code="d">NYS</subfield><subfield code="d">OCLCQ</subfield></datafield><datafield ind1=" " ind2=" " tag="042"><subfield code="a">msc</subfield></datafield><datafield ind1="0" ind2=" " tag="130"><subfield code="a">Steuben courier (Bath, N.Y. : 1946)</subfield></datafield><datafield ind1="1" ind2="4" tag="245"><subfield code="a">The Steuben courier.</subfield></datafield><datafield ind1=" " ind2=" " tag="260"><subfield code="a">Bath, N.Y. :</subfield><subfield code="b">Courier Co.,</subfield><subfield code="c">1946-1958.</subfield></datafield><datafield ind1=" " ind2=" " tag="300"><subfield code="a">v.</subfield></datafield><datafield ind1=" " ind2=" " tag="310"><subfield code="a">Weekly</subfield></datafield><datafield ind1="0" ind2=" " tag="362"><subfield code="a">Vol. 102, no. 43 (May 31, 1946)-v. 114, no. 22 (May 29, 1958).</subfield></datafield><datafield ind1=" " ind2=" " tag="500"><subfield code="a">Published every Friday.</subfield></datafield><datafield ind1=" " ind2=" " tag="530"><subfield code="a">Available on microfilm from Micro Photo Div., Bell &amp; Howell.</subfield></datafield><datafield ind1=" " ind2="4" tag="651"><subfield code="a">Bath (N.Y.)</subfield><subfield code="v">Newspapers.</subfield></datafield><datafield ind1=" " ind2=" " tag="752"><subfield code="a">United States</subfield><subfield code="b">New York</subfield><subfield code="c">Steuben</subfield><subfield code="d">Bath.</subfield></datafield><datafield ind1="0" ind2="0" tag="780"><subfield code="t">Steuben courier and the Avoca herald</subfield><subfield code="w">(DLC)sn 84035542</subfield></datafield><datafield ind1="0" ind2="7" tag="785"><subfield code="t">Steuben advocate with which is combined the Keuka grape belt</subfield><subfield code="w">(DLC)sn 84031218</subfield></datafield><datafield ind1="0" ind2="7" tag="785"><subfield code="t">Steuben courier and the Steuben advocate</subfield><subfield code="w">(DLC)sn 84031220</subfield></datafield><datafield ind1="1" ind2=" " tag="029"><subfield code="a">AU@</subfield><subfield code="b">000020532141</subfield></datafield></record>